@Book{halliday1,
author = {David Halliday and
		 Robert Resnick and
		 Jearl Walker},
title = {Fundamentos da Física v. 1},
subtitle={Mecânica},
year = {2008},
publisher = {LTC},
address = {Rio de janeiro},
edition = {8},
}

@Book{halliday2,
  author    = {David Halliday and Robert Resnick and Jearl Walker},
  title     = {Fundamentos da Física. Volume 2: Gravitação, Ondas e Termodinâmica},
  year      = {2008},
  publisher = {LTC},
  address   = {Rio de Janeiro},
  edition   = {8},
}



@Book{halliday3,
author = {David Halliday and
		 Robert Resnick and
		 Jearl Walker},
title = {Fundamentos da Física v. 3},
subtitle={Eletromagnetismo},
year = {2008},
publisher = {LTC},
address = {Rio de janeiro},
edition = {8},
}